@String{OOPSLA              = "Proc.\ Int'l Conf.\ Object-Oriented Programming, Systems, Languages and Applications (OOPSLA)"}
@String{OOPSLAComp          = "Companion Int'l Conf.\ Object-Oriented Programming, Systems, Languages and Applications (OOPSLA)"}
@String{ICSE              = "Proc.\ Int'l Conf.\ Software Engineering (ICSE)"}
@String{ICSEComp              = "Comp.\ Int'l Conf.\ Software Engineering (ICSE)"}
@String{ECOOP              = "Proc.\ Europ.\ Conf.\ Object-Oriented Programming (ECOOP)"}
@String{AOSD              = "Proc.\ Int'l Conf.\ Aspect-Oriented Software Development (AOSD)"}
@String{ICSM              = "Proc.\ Int'l Conf.\ Software Maintenance (ICSM)"}
@String{GPCE              = "Proc.\ Int'l Conf.\ Generative Programming and Component Engineering (GPCE)"}
@String{GCSE              = "Proc.\ Int'l Conf.\ Generative and Component-Based Software Engineering (GCSE)"}
@String{SPLC              = "Proc.\ Int'l Software Product Line Conf. (SPLC)"}
@String{ASE               = "Proc.\ Int'l Conf.\ Automated Software Engineering (ASE)"}
@String{ICSR              = "Proc.\ Int'l Conf.\ Software Reuse (ICSR)"}
@String{POPL              = "Proc.\ Symp.\ Principles of Programming Languages (POPL)"}
@String{FASE              = "Proc.\ Int'l Conf.\ Fundamental Approaches to Software Engineering"}
@String{ESECFSE           = "Proc.\ Europ.\ Software Engineering Conf./Foundations of Software Engineering (ESEC/FSE)"}
@String{ESECFSECompanion          = "Companion Europ.\ Software Engineering Conf./Foundations of Software Engineering (ESEC/FSE)"}
@String{FSE               = "Proc.\ Int'l Symposium Foundations of Software Engineering (FSE)"},
@String{APSEC             = "Proc.\ Asia-Pacific Software Engineering Conf.\ (APSEC)"}
@String{PLDI              = "Proc.\ Conf.\ Programming Language Design and Implementation (PLDI)"}
@String{TOOLS             = "Proc.\ Int'l Conf.\ Objects, Models, Components, Patterns (TOOLS EUROPE)"}
@String{WCRE              = "Proc.\ Working Conf.\ Reverse Engineering (WCRE)"}
@String{SC                = "Proc.\ Int'l Conf.\ Software Composition (SC)"}
@String{BTW                 = "Proc.\ GI-Fachtagung Datenbanksysteme f{\"u}r Business, Technologie und Web (BTW)"}
@String{NetObjectDays    = "Proc. Int'l Conf.\ Object-Oriented and Internet-based Technologies, Concepts, and Applications for a Networked World (Net.ObjectDays)"}
@String{ICMT              = "Proc.\ Int'l Conf.\ Theory and Practice of Model Transformations (ICMT)"}
@String{CHI             = "Proc.\ Conf.\ Human Factors in Computing Systems (CHI)"}
@String{SAC             = "Proc.\ Symp.\ Applied Computing (SAC)"}
@String{RE              = "Proc.\ Int'l Requirements Engineering Conf. (RE)"}%seit 2002 gemeinsam RE=RE symposium+ICRE
@String{ICRE              = "Proc.\ Int'l Conf.\ Requirements Engineering (ICRE)"}
@String{ICPC              = "Proc.\ Int'l Conf.\ Program Comprehension (ICPC)"}
@String{CSMR            = "Proc.\ Europ.\ Conf.\ Software Maintenance and Reengineering (CSMR)"}
@String{CC              = "Proc.\ Int'l Conf.\ Compiler Construction (CC)"}
@String{MODELS          = "Proc.\ Int'l Conf.\ Model Driven Engineering Languages and Systems (MoDELS)"}
@String{EUROSYS         = "Proc.\ Europ.\ Conf.\ Computer Systems (EuroSys)"}
@String{ICFP            = "Proc.\ Int'l Conf.\ Functional Programming (ICFP)"}
@String{SLE             = "Proc.\ Int'l Conf.\ Software Language Engineering (SLE)"}
@String{ISSTA           = "Proc.\ Int'l Symp.\ Software Testing and Analysis (ISSTA)"}
@String{LFP             = "Proc.\ Conf.\ {LISP} and Functional Programming (LFP)"}
@String{ISSRE =     "Proc.\ Int'l Symp.\ Software Reliability Engineering (ISSRE)"}
@String{VLHCC =     "Proc.\ Int'l Symp. Visual Languages and Human-Centric Computing (VLHCC)"}
@String{ASPLOS =    "Proc.\ Int'l Conf.\ Architectural Support for Programming Languages and Operating Systems (ASPLOS)"}
@String{CSCW =      "Proc.\ Conf.\ Computer Supported Cooperative Work (CSCW)"},
@String{SAS =     "Proc.\ Int'l Static Analysis Symposium (SAS)"}
@String{ASPLOS =      "Proc.\ Int'l Conf.\ Architectural Support for Programming Languages and Operating Systems (ASPLOS)"}
@String{ESEM =      "Proc.\ Int'l Symp.\ Empirical Software Engineering and Measurement (ESEM)"}


 series = {
%@String{TSE = "IEEE Transactions on Software Engineering (TSE)"}
%@String{TOPLAS = "ACM Transactions on Programing Languages and Systems (TOPLAS)"}
%@String{TOSEM = "ACM Transactions on Software Engineering and Methodology (TOSEM)"}
%@String{CACM = "Communications of the ACM"}
%@String{SCP="Science of Computer Programming"}
%@String{SIGSOFTNotice = "ACM SIGSOFT Software Engineering Notes"}
@String{TSE = "IEEE Trans.\ Softw.\ Eng. (TSE)"}
@String{TOPLAS = "ACM Trans. Program. Lang. Syst. (TOPLAS)"}
@String{CACM = "Commun.\ ACM"}
@String{SIGSOFTNotice = "SIGSOFT Softw. Eng. Notes"}
@String{TOSEM = "ACM Trans. Softw. Eng. Methodol. (TOSEM)"}
@String{SCP="Sci. Comput. Program."}
@String{InfComput = "Information and Computation"}
@String{JOT               = "J. Object Technology (JOT)"}
@String{JASE                = "Automated Software Engineering"}
@String{IEEESoftware                = "IEEE Software"}
@String{CSUR="ACM Computing Surveys (CSUR)"}
@String{SIGPLANNOT="SIGPLAN Notices"}
@String{SPE = "Software: Practice and Experience"}
@String{IST = "Information and Software Technology (IST)"}

@String{ETX         = "Proc.\ OOPSLA Workshop on Eclipse Technology eXchange (ETX)"}
@String{ETXE        = "Proc.\ ECOOP Workshop on Eclipse Technology eXchange (ETX)"}
@String{SPLiT       = "Proc.\ SPLC Workshop on Software Product Line Testing (SPLiT)"}
@String{ViSPLE      = "Proc.\ SPLC Workshop on Visualization in Software Product Line Engineering (ViSPLE)"}
@String{FOSD        = "Proc.\ GPCE Workshop on Feature-Oriented Software Development (FOSD)"}
@String{FOSDS       = "Proc.\ SPLC Workshop on Feature-Oriented Software Development (FOSD)"}
@String{ACP4IS      = "Proc.\ AOSD Workshop on Aspects, Components, and Patterns for Infrastructure Software (ACP4IS)"}
@String{MACS        = "Proc.\ ICSE Workshop on Modeling and Analysis of Concerns in Software (MACS)"}
@String{WRT         = "Proc.\ ECOOP Workshop on Refactoring Tools (WRT)"}
@String{SETMDM      = "Proc.\ EDBT Workshop on Software Engineering for Tailor-made Data Management"}
@String{VaMoS       = "Proc.\ Int'l Workshop on Variability Modelling of Software-intensive Systems (VaMoS)"}
@String{SCAM        = "Proc.\ Int'l Workshop Source Code Analysis and Manipulation (SCAM)"}
@String{IWPC        = "Proc.\ Int'l Workshop on Program Comprehension (IWPC)"}
@String{PEPM=         "Proc.\ Workshop on Partial Evaluation and Semantics-Based Program Manipulation (PEPM)"}
@String{CHASE=        "Proc.\ Workshop Cooperative and Human Aspects of Software Engineering (CHASE)"}

@String{AddisonWesleyLongman = "Addison-Wesley"}
@String{LNCS = "LNCS"}
@String{LNBIP = "LNBIP"} 
%@String{LNCS = "Lecture Notes in Computer Science"}
%@String{LNBIP = "Lecture Notes in Business Information Processing"}
@String{GI =  "Gesellschaft f{\"u}r Informatik (GI)"}
@String{GIAddr =  "Bonn"}
@String{LZI = "Leibniz-Zentrum f{\"u}r Informatik (LZI)"}
@String{LZIAddr = "Wadern"}
@String{ACM = "ACM Press"}
@String{ACMAddr = "New York"}
@String{Springer="Springer-Verlag"}
@String{SpringerNL="Springer Netherlands"}
@String{SpringerAddr="Berlin/Heidelberg"}
@String{SpringerAddrBHN="Berlin/Heidelberg/New York"}
@String{SpringerAddrNY="New York"}
@String{SpringerAddrL="London"}
@String{SpringerAddrNL="Dordrecht"}
@String{SpringerAddrNJ="Secaucus, NJ"}
@String{IEEE="IEEE Computer Society"}
@String{IEEEAddr="Los Alamitos, CA"}
@String{IEEEAddrW="Washington, DC"}
@String{IEEEAddrP="Piscataway, NJ"}
@String{MDTech = "School of Computer Science, University of Magdeburg"}
@String{PATech = "Department of Informatics and Mathematics, University of Passau"}
@String{MRTech = "Department of Mathematics and Computer Science, Philipps University Marburg"}
@String{CMUISRTech = "Institute for Software Research, Carnegie Mellon University"}
@String{CMUCSDTech = "Computer Science Department, Carnegie Mellon University"}
@String{Diplomarbeit = "Master's Thesis ({Diplomarbeit})"},

NOString{AddisonWesleyLongman = "Addison-Wesley Longman Publishing Co., Inc."}

@article{taeumel2017unravel,
  title={Unravel Programming Sessions with THRESHER: Identifying Coherent and Complete Sets of Fine-granular Source Code Changes},
  author={Taeumel, Marcel and Platz, Stephanie and Steinert, Bastian and Hirschfeld, Robert and Masuhara, Hidehiko},
  journal={Information and Media Technologies},
  volume={12},
  pages={24--39},
  year={2017},
  publisher={Information and Media Technologies Editorial Board}
}

@inproceedings{kreutzer2016automatic,
  title={Automatic clustering of code changes},
  author={Kreutzer, Patrick and Dotzler, Georg and Ring, Matthias and Eskofier, Bjoern M and Philippsen, Michael},
  booktitle={Mining Software Repositories (MSR), 2016 IEEE/ACM 13th Working Conference on},
  pages={61--72},
  year={2016},
  organization={IEEE}
}


@article{simmons2006industrial,
  title={Industrial tools for the feature location problem: an exploratory study},
  author={Simmons, Sharon and Edwards, Dennis and Wilde, Norman and Homan, Josh and Groble, Michael},
  journal={Journal of Software: Evolution and Process},
  volume={18},
  number={6},
  pages={457--474},
  year={2006},
  publisher={Wiley Online Library}
}

@article{dit2013feature,
  title={Feature location in source code: a taxonomy and survey},
  author={Dit, Bogdan and Revelle, Meghan and Gethers, Malcom and Poshyvanyk, Denys},
  journal={Journal of software: Evolution and Process},
  volume={25},
  number={1},
  pages={53--95},
  year={2013},
  publisher={Wiley Online Library}
}

@incollection{RubinC13,
  author    = {Julia Rubin and
               Marsha Chechik},
  title     = {A Survey of Feature Location Techniques},
  booktitle = {Domain Engineering, Product Lines, Languages, and Conceptual Models},
  pages     = {29--58},
  year      = {2013},
  crossref  = {DBLP:books/daglib/0032299},
  doi       = {10.1007/978-3-642-36654-3_2},
  timestamp = {Tue, 16 May 2017 14:01:35 +0200},
  biburl    = {http://dblp.uni-trier.de/rec/bib/books/daglib/p/RubinC13},
  bibsource = {dblp computer science bibliography, http://dblp.org}
}


@inproceedings{Robles2012,
  author    = {Gregorio Robles and
               Jes{\'{u}}s M. Gonz{\'{a}}lez{-}Barahona},
  title     = {{A Comprehensive Study of Software Forks: Dates, Reasons and Outcomes}},
  booktitle = {Open Source Systems: Long-Term Sustainability - 8th {IFIP} {WG} 2.13
               International Conference, {OSS} 2012, Hammamet, Tunisia, September
               10-13, 2012. Proceedings},
  year      = {2012},
  pages     = {1--14},
  timestamp = {Wed, 08 Oct 2014 23:36:06 +0200},
  biburl    = {http://dblp.uni-trier.de/rec/bib/conf/oss/RoblesG12},
  bibsource = {dblp computer science bibliography, http://dblp.org}
}

@article{Mikkonen2011,
 author = {Mikkonen, Tommi and Nyman, Linus},
 title = {{To Fork or Not to Fork: Fork Motivations in SourceForge Projects}},
 journal = {Int. J. Open Source Softw. Process.},
 issue_date = {July 2011},
 volume = {3},
 number = {3},
 month = jul,
 year = {2011},
 issn = {1942-3926},
 pages = {1--9},
 numpages = {9},
 acmid = {2605506},
 publisher = {IGI Global},
 address = {Hershey, PA, USA},
 keywords = {Code Forking, Code Reuse, Open Source Software, Software Development, Software Programming, SourceForge},
} 


@article{King:1976:SEP:360248.360252,
 author = {King, James C.},
 title = {Symbolic Execution and Program Testing},
 journal = {Commun. ACM},
 issue_date = {July 1976},
 volume = {19},
 number = {7},
 year = {1976},
 issn = {0001-0782},
 pages = {385--394},
 numpages = {10},
 acmid = {360252},
 publisher = {ACM},
 keywords = {program debugging, program proving, program testing, program verification, symbolic execution, symbolic interpretation},
} 
@inproceedings{vanderBurg:2014:TSB:2642937.2643013,
 author = {van der Burg, Sander and Dolstra, Eelco and McIntosh, Shane and Davies, Julius and German, Daniel M. and Hemel, Armijn},
 title = {Tracing Software Build Processes to Uncover License Compliance Inconsistencies},
 booktitle = ASE,
 year = {2014},
 pages = {731--742},
 numpages = {12},
 acmid = {2643013},
 publisher = {ACM},
 keywords = {build systems, license compliance},
} 
@inproceedings{Gligoric:2014:AMB:2660193.2660239,
 author = {Gligoric, Milos and Schulte, Wolfram and Prasad, Chandra and van Velzen, Danny and Narasamdya, Iman and Livshits, Benjamin},
 title = {Automated Migration of Build Scripts Using Dynamic Analysis and Search-based Refactoring},
 booktitle = OOPSLA,
 year = {2014},
 pages = {599--616},
 numpages = {18},
 acmid = {2660239},
 publisher = {ACM},
 keywords = {build system, migration, search-based refactoring},
} 

@book{Apel:2013:FSP:2541773,
 author = {Apel, Sven and Batory, Don and Kstner, Christian and Saake, Gunter},
 title = {Feature-Oriented Software Product Lines: Concepts and Implementation},
 year = {2013},
 publisher = {Springer Publishing Company, Incorporated},
}
@inproceedings{Al-Kofahi:2014:FLB:2591062.2591135,
 author = {Al-Kofahi, Jafar and Nguyen, Hung Viet and Nguyen, Tien N.},
 title = {Fault Localization for Build Code Errors in Makefiles},
 booktitle = {Companion Proc. Conf. on Software Engineering},
 year = {2014},
 location = {Hyderabad, India},
 pages = {600--601},
 numpages = {2},
 acmid = {2591135},
 publisher = {ACM},
 keywords = {Build code, Fault localization, Makefiles},
}

@article{DBLP:journals/smr/NadiH14,
  author    = {Sarah Nadi and
               Richard C. Holt},
  title     = {The Linux kernel: a case study of build system variability},
  journal   = {Journal of Software: Evolution and Process},
  volume    = {26},
  number    = {8},
  pages     = {730--746},
  year      = {2014},
  timestamp = {Wed, 24 Sep 2014 15:20:41 +0200},
}
@inproceedings{Dietrich:2012:RAV:2362536.2362544,
 author = {Dietrich, Christian and Tartler, Reinhard and Schr\"{o}der-Preikschat, Wolfgang and Lohmann, Daniel},
 title = {A Robust Approach for Variability Extraction from the Linux Build System},
 booktitle = SPLC,
 year = {2012},
 location = {Salvador, Brazil},
 pages = {21--30},
 numpages = {10},
 acmid = {2362544},
 publisher = {ACM},
 keywords = {Linux, VAMOS, build systems, configurability, kbuild, maintenance, static analysis},
} 
@inproceedings{Nadi:2012:MKD:2191744.2192556,
 author = {Nadi, Sarah and Holt, Ric},
 title = {Mining Kbuild to Detect Variability Anomalies in Linux},
 booktitle =CSMR,
 year = {2012},
 pages = {107--116},
 numpages = {10},
 acmid = {2192556},
 publisher = {IEEE Computer Society},
 keywords = {Mining software repositories, Build Systems, Variability, Kbuild},
}

@inproceedings{KGREOB:OOPSLA11,
  author={Christian K{\"a}stner and Paolo G. Giarrusso and Tillmann Rendel and Sebastian Erdweg and Klaus Ostermann and Thorsten Berger},
  location={Portland, OR},
  pdf={pdf/oopsla11_typechef.pdf},
  pages={805--824},
  year={2011},
  publisher={ACM},
  booktitle=OOPSLA,
  title={Variability-Aware Parsing in the Presence of Lexical Macros and Conditional Compilation},
}
@Article{adams08c,
  author =   {Bram Adams and Kris {De Schutter} and Herman Tromp
                  and Wolfgang {De Meuter}},
  title =    {The Evolution of the Linux Build System},
  journal =    {Electronic Communications of the ECEASST},
  year =   {2008},
  volume =   {8},
}

@inproceedings{Berger:2010:FMT:1885639.1885698,
 author = {Berger, Thorsten and She, Steven and Lotufo, Rafael and Czarnecki, Krzysztof and  W\k{a}sowski, Andrzej},
 title = {Feature-to-code Mapping in Two Large Product Lines},
 booktitle = SPLC,
 year = {2010},
 location = {Jeju Island, South Korea},
 pages = {498--499},
 numpages = {2},acmid = {1885698},
 publisher = {Springer-Verlag},
}
@inproceedings{McIntosh11,
 author = {McIntosh, Shane and Adams, Bram and Nguyen, Thanh H.D. and Kamei, Yasutaka and Hassan, Ahmed E.},
 title = {An Empirical Study of Build Maintenance Effort},
 booktitle = ICSE,
 year = {2011},
 location = {Waikiki, Honolulu, HI, USA},
 pages = {141--150},
 numpages = {10},
 acmid = {1985813},
 publisher = {ACM},
 keywords = {build systems, empirical software engineering, mining software repositories},
} 
@inproceedings{Czarnecki:2005:MFM:2156761.2156798,
 author = {Czarnecki, Krzysztof and Antkiewicz, Micha\l},
 title = {Mapping Features to Models: A Template Approach Based on Superimposed Variants},
 booktitle = GPCE,
 year = {2005},
 location = {Tallinn, Estonia},
 pages = {422--437},
 numpages = {16},
 acmid = {2156798},
 publisher = {Springer-Verlag},
 }

@inproceedings{Tartler:2011:FCC:1966445.1966451,
 author = {Tartler, Reinhard and Lohmann, Daniel and Sincero, Julio and Schr\"{o}der-Preikschat, Wolfgang},
 title = {Feature Consistency in Compile-time-configurable System Software: Facing the Linux 10,000 Feature Problem},
 booktitle = EuroSys,
 year = {2011},
 location = {Salzburg, Austria},
 pages = {47--60},
 numpages = {14},
 acmid = {1966451},
 publisher = {ACM},
 keywords = {configurability, linux, maintenance, static analysis, vamos},
}
@inproceedings{Tamrawi:2012:BCA:2337223.2337300,
 author = {Tamrawi, Ahmed and Nguyen, Hoan Anh and Nguyen, Hung Viet and Nguyen, Tien N.},
 title = {Build Code Analysis with Symbolic Evaluation},
 booktitle = ICSE,
 year = {2012},
 location = {Zurich, Switzerland},
 pages = {650--660},
 numpages = {11},
 acmid = {2337300},
 publisher = {IEEE Press},
}
@inproceedings{DBLP:conf/icsm/AdamsTSM07a,
  author    = {Bram Adams and
               Herman Tromp and
               Kris De Schutter and
               Wolfgang De Meuter},
  title     = {{MAKAO}},
  booktitle = ICSM,
  pages     = {517--518},
  year      = {2007},
  publisher=IEEE,
  timestamp = {Tue, 18 Nov 2008 13:31:49 +0100},
}
@inproceedings{Lotufo:2010:ELK:1885639.1885653,
 author = {Lotufo, Rafael and She, Steven and Berger, Thorsten and Czarnecki, Krzysztof and W\k{a}sowski, Andrzej},
 title = {Evolution of the Linux Kernel Variability Model},
 booktitle = SPLC,
 year = {2010},
 location = {Jeju Island, South Korea},
 pages = {136--150},
 numpages = {15},
 acmid = {1885653},
 publisher = {Springer-Verlag},
}


@article{EW:TOSEM10,
    author = {Erwig, Martin and Walkingshaw, Eric},
    journal = TOSEM,
    title = {The Choice Calculus: A Representation for Software Variation},
    year=2011,
    volume=21,number=1,
    pages={6:1--6:27}
}

@inproceedings{montalvillo2015tuning,
  title={Tuning ｛GitHub｝ for SPL development: branching models \& repository operations for product engineers},
  author={Montalvillo, Leticia and D{\'\i}az, Oscar},
  booktitle={Proceedings of the 19th International Conference on Software Product Line},
  pages={111--120},
  year={2015},
  organization={ACM}
}

@inproceedings{stanciulescu2015forked,
 author = {St\u{a}nciulescu, {\c{S}}tefan and Schulze, Sandro and W\k{a}sowski, Andrzej},
  title     = {{Forked and Integrated Variants in an Open-Source Firmware Project}},
  booktitle = {31st International Conference on Software Maintenance and Evolution},
  series    = {ICSME'15},
  year      = {2015}
}

@techreport{gousios2014work,
  title={Work practices and challenges in pull-based development: the integrator's perspective},
  author={Gousios, Georgios and Zaidman, Andy and Storey, Margaret-Anne and Van Deursen, Arie},
  year={2014},
  institution={Delft University of Technology, Software Engineering Research Group}
}

@inproceedings{li2015semantic,
  title={Semantic slicing of software version histories},
  author={Li, Yi and Rubin, Julia and Chechik, Marsha},
  year={2015},
  organization={ASE}
}

@inproceedings{MusluSBE2015,
   author = {K{\i}van{\c{c}} Mu{\c{s}}lu and Luke Swart and Yuriy Brun and
  Michael D. Ernst},
   title = {Development history granularity transformations},
   booktitle = {ASE 2015: Proceedings of the 30th Annual International
  Conference on Automated Software Engineering},
   address = {Lincoln, NE, USA},
   month = {November~11--13,},
   year = {2015}
}
@inproceedings{dubinsky2013exploratory,
  title={An exploratory study of cloning in industrial software product lines},
  author={Dubinsky, Yael and Rubin, Julia and Berger, Theodore and Duszynski, Slawomir and Becker, Matthias and Czarnecki, Krzysztof},
  booktitle={Software Maintenance and Reengineering (CSMR), 2013 17th European Conference on},
  pages={25--34},
  year={2013},
  organization={IEEE}
}
@INPROCEEDINGS{7194568, 
author={M. Barnett and C. Bird and J. Brunet and S. K. Lahiri}, 
booktitle={2015 IEEE/ACM 37th IEEE International Conference on Software Engineering}, 
title={Helping Developers Help Themselves: Automatic Decomposition of Code Review Changesets}, 
year={2015}, 
volume={1}, 
pages={134-144}, 
keywords={software quality;software reviews;source code (software);CLUSTERCHANGES;automatic decomposition technique;code review changeset;quality assurance;software development;Computer bugs;Histograms;Manuals;Prototypes;Quality assurance;Software;Standards}, 
doi={10.1109/ICSE.2015.35}, 
ISSN={0270-5257}, 
month={May},}
@inproceedings{hamilton2012dependence,
  title={Dependence communities in source code},
  author={Hamilton, John and Danicic, Sebastian},
  booktitle={Software Maintenance (ICSM), 2012 28th IEEE International Conference on},
  pages={579--582},
  year={2012},
  organization={IEEE}
}
@inproceedings{guzzi2015supporting,
  title={Supporting Developers' Coordination in the IDE},
  author={Guzzi, Anja and Bacchelli, Alberto and Riche, Yann and van Deursen, Arie},
  booktitle={Proceedings of the 18th ACM Conference on Computer Supported Cooperative Work \& Social Computing},
  pages={518--532},
  year={2015},
  organization={ACM}
}
@inproceedings{collard2003xml,
  title={An XML-based lightweight C++ fact extractor},
  author={Collard, Michael L and Kagdi, Huzefa H and Maletic, Jonathan I},
  booktitle={Program Comprehension, 2003. 11th IEEE International Workshop on},
  pages={134--143},
  year={2003},
  organization={IEEE}
}
@article{girvan2002community,
  title={Community structure in social and biological networks},
  author={Girvan, Michelle and Newman, Mark EJ},
  journal={Proceedings of the national academy of sciences},
  volume={99},
  number={12},
  pages={7821--7826},
  year={2002},
  publisher={National Acad Sciences}
}
@inproceedings{barnett2015helping,
title={Helping developers help themselves: Automatic decomposition of code review changesets},
author={Barnett, Mike and Bird, Christian and Brunet, Joao and Lahiri, Shuvendu K},
booktitle={Software Engineering (ICSE), 2015 IEEE/ACM 37th IEEE International Conference on},
volume={1},
pages={134--144},
year={2015},
organization={IEEE}
}
@article{bitzer2006impact,
  title={The impact of entry and competition by open source software on innovation activity},
  author={Bitzer, J{\"u}rgen and Schr{\"o}der, Philipp JH},
  journal={The economics of open source software development},
  pages={219--245},
  year={2006},
  publisher={Elsevier Amsterdam}
}
@article{ernst2010code,
  title={Code forking in open-source software: a requirements perspective},
  author={Ernst, Neil A and Easterbrook, Steve and MyLOPOULOS, John},
  journal={arXiv preprint arXiv:1004.2889},
  year={2010}
}
@article{vetter2007open,
  title={Open Source Licensing and Scattering Opportunism in Software Standards},
  author={Vetter, Greg R},
  journal={BCL Rev.},
  volume={48},
  pages={225},
  year={2007},
  publisher={HeinOnline}
}
@inproceedings{berger2014three,
  title={Three cases of feature-based variability modeling in industry},
  author={Berger, Thorsten and Nair, Divya and Rublack, Ralf and Atlee, Joanne M and Czarnecki, Krzysztof and W{\k{a}}sowski, Andrzej},
  booktitle={International Conference on Model Driven Engineering Languages and Systems},
  pages={302--319},
  year={2014},
  organization={Springer}
}
Export Formats
BibTeX | EndNote | ACM Ref
@inproceedings{Herzig:2013:ITC:2487085.2487113,
 author = {Herzig, Kim and Zeller, Andreas},
 title = {The Impact of Tangled Code Changes},
 booktitle = {Proceedings of the 10th Working Conference on Mining Software Repositories},
 series = {MSR '13},
 year = {2013},
 isbn = {978-1-4673-2936-1},
 location = {San Francisco, CA, USA},
 pages = {121--130},
 numpages = {10},
 url = {http://dl.acm.org/citation.cfm?id=2487085.2487113},
 acmid = {2487113},
 publisher = {IEEE Press},
 address = {Piscataway, NJ, USA},
} 
@inproceedings{Duc:2014:FCM:2652524.2652546,
 author = {Duc, Anh Nguyen and Mockus, Audris and Hackbarth, Randy and Palframan, John},
 title = {Forking and Coordination in Multi-platform Development: A Case Study},
 booktitle = {Proceedings of the 8th ACM/IEEE International Symposium on Empirical Software Engineering and Measurement},
 series = {ESEM '14},
 year = {2014},
 isbn = {978-1-4503-2774-9},
 location = {Torino, Italy},
 pages = {59:1--59:10},
 articleno = {59},
 numpages = {10},
 acmid = {2652546},
 publisher = {ACM},
 address = {New York, NY, USA},
 keywords = {coordination, empirical study, fork, multiple platform development},
} 
@inproceedings{fung2012social,
  title={Social Forking in Open Source Software: An Empirical Study.},
  author={Fung, Kam Hay and Aurum, Ayb{\"u}ke and Tang, David},
  booktitle={CAiSE Forum},
  pages={50--57},
  year={2012},
  organization={Citeseer}
}

@inproceedings{Kawrykow:2011:NCV:1985793.1985842,
 author = {Kawrykow, David and Robillard, Martin P.},
 title = {Non-essential Changes in Version Histories},
 booktitle = {Proceedings of the 33rd International Conference on Software Engineering},
 series = {ICSE '11},
 year = {2011},
 isbn = {978-1-4503-0445-0},
 location = {Waikiki, Honolulu, HI, USA},
 pages = {351--360},
 numpages = {10},
 url = {http://doi.acm.org/10.1145/1985793.1985842},
 doi = {10.1145/1985793.1985842},
 acmid = {1985842},
 publisher = {ACM},
 address = {New York, NY, USA},
 keywords = {differencing algorithms, mining software repositories, software change analysis},
} 
@inproceedings{Murphy-Hill:2009:WRW:1555001.1555044,
 author = {Murphy-Hill, Emerson and Parnin, Chris and Black, Andrew P.},
 title = {How We Refactor, and How We Know It},
 booktitle = {Proceedings of the 31st International Conference on Software Engineering},
 series = {ICSE '09},
 year = {2009},
 isbn = {978-1-4244-3453-4},
 pages = {287--297},
 numpages = {11},
 doi = {10.1109/ICSE.2009.5070529},
 acmid = {1555044},
 publisher = {IEEE Computer Society},
 address = {Washington, DC, USA},
}
@inproceedings{Tao:2012:SEU:2393596.2393656,
 author = {Tao, Yida and Dang, Yingnong and Xie, Tao and Zhang, Dongmei and Kim, Sunghun},
 title = {How Do Software Engineers Understand Code Changes?: An Exploratory Study in Industry},
 booktitle = {Proceedings of the ACM SIGSOFT 20th International Symposium on the Foundations of Software Engineering},
 series = {FSE '12},
 year = {2012},
 isbn = {978-1-4503-1614-9},
 location = {Cary, North Carolina},
 pages = {51:1--51:11},
 articleno = {51},
 numpages = {11},
 url = {http://doi.acm.org/10.1145/2393596.2393656},
 doi = {10.1145/2393596.2393656},
 acmid = {2393656},
 publisher = {ACM},
 address = {New York, NY, USA},
 keywords = {code change, code review, information needs, tool support},
}
@inproceedings{collard2005addressing,
  title={Addressing source code using srcml},
  author={Collard, Michael L},
  booktitle={IEEE International Workshop on Program Comprehension Working Session: Textual Views of Source Code to Support Comprehension (IWPC’05)},
  year={2005},
  organization={Citeseer}
}
@misc{xom,
  title = {{xom} xml parser},
  howpublished = {\url{http://www.xom.nu/}}
}
@Article{igraph,
    title = {The igraph software package for complex network research},
    author = {Gabor Csardi and Tamas Nepusz},
    journal = {InterJournal},
    volume = {Complex Systems},
    pages = {1695},
    year = {2006},
    url = {http://igraph.org},
  }
@article{suen1979n,
  title={N-gram statistics for natural language understanding and text processing},
  author={Suen, Ching Y},
  journal={IEEE transactions on pattern analysis and machine intelligence},
  number={2},
  pages={164--172},
  year={1979},
  publisher={IEEE}
}

@article{salton1988term,
  title={Term-weighting approaches in automatic text retrieval},
  author={Salton, Gerard and Buckley, Christopher},
  journal={Information processing \& management},
  volume={24},
  number={5},
  pages={513--523},
  year={1988},
  publisher={Elsevier}
}
@inproceedings{dias2015untangling,
  title={Untangling fine-grained code changes},
  author={Dias, Mart{\'\i}n and Bacchelli, Alberto and Gousios, Georgios and Cassou, Damien and Ducasse, St{\'e}phane},
  booktitle={2015 IEEE 22nd International Conference on Software Analysis, Evolution, and Reengineering (SANER)},
  pages={341--350},
  year={2015},
  organization={IEEE}
}
@article{herzig2011untangling,
  title={Untangling changes},
  author={Herzig, Kim and Zeller, Andreas},
  journal={Unpublished manuscript, September},
  volume={37},
  pages={38--40},
  year={2011}
}
@article{poshyvanyk2007feature,
  title={Feature location using probabilistic ranking of methods based on execution scenarios and information retrieval},
  author={Poshyvanyk, Denys and Gueheneuc, Yann-Gael and Marcus, Andrian and Antoniol, Giuliano and Rajlich, Vaclav},
  journal={IEEE Transactions on Software Engineering},
  volume={33},
  number={6},
  pages={420--432},
  year={2007},
  publisher={IEEE}
}
@article{fortunato2010community,
  title={Community detection in graphs},
  author={Fortunato, Santo},
  journal={Physics reports},
  volume={486},
  number={3},
  pages={75--174},
  year={2010},
  publisher={Elsevier}
}
@book{Yourdon:1979:SDF:578522,
 author = {Yourdon, Edward and Constantine, Larry L.},
 title = {Structured Design: Fundamentals of a Discipline of Computer Program and Systems Design},
 year = {1979},
 isbn = {0138544719},
 edition = {1st},
 publisher = {Prentice-Hall, Inc.},
 address = {Upper Saddle River, NJ, USA},
} 
@inproceedings{zimmermann2008predicting,
  title={Predicting defects using network analysis on dependency graphs},
  author={Zimmermann, Thomas and Nagappan, Nachiappan},
  booktitle={Proceedings of the 30th international conference on Software engineering},
  pages={531--540},
  year={2008},
  organization={ACM}
}
@inproceedings{liebig2011analyzing,
title={Analyzing the discipline of preprocessor annotations in 30 million lines of C code},
author={Liebig, J{\"o}rg and K{\"a}stner, Christian and Apel, Sven},
booktitle={Proceedings of the tenth international conference on Aspect-oriented software development},
pages={191--202},
year={2011},
organization={ACM}
}
@inproceedings{Liebig:2010:AVF:1806799.1806819,
author = {Liebig, J\"{o}rg and Apel, Sven and Lengauer, Christian and K\"{a}stner, Christian and Schulze, Michael},
title = {An Analysis of the Variability in Forty Preprocessor-based Software Product Lines},
booktitle = {Proceedings of the 32Nd ACM/IEEE International Conference on Software Engineering - Volume 1},
series = {ICSE '10},
year = {2010},
isbn = {978-1-60558-719-6},
location = {Cape Town, South Africa},
pages = {105--114},
numpages = {10},
url = {http://doi.acm.org/10.1145/1806799.1806819},
doi = {10.1145/1806799.1806819},
acmid = {1806819},
publisher = {ACM},
address = {New York, NY, USA},
keywords = {C preprocessor, empirical study, software product lines},
} 
@article{tang2010community,
title={Community detection and mining in social media},
author={Tang, Lei and Liu, Huan},
journal={Synthesis Lectures on Data Mining and Knowledge Discovery},
volume={2},
number={1},
pages={1--137},
year={2010},
publisher={Morgan \& Claypool Publishers}
}
@INPROCEEDINGS{1021348, 
author={V. Rajlich and N. Wilde}, 
booktitle={Proceedings 10th International Workshop on Program Comprehension}, 
title={The role of concepts in program comprehension}, 
year={2002}, 
pages={271-278}, 
keywords={reverse engineering;software maintenance;systems re-engineering;code changes;code reengineering;concept location;concepts;human learning;program comprehension;Computer science;Conferences;Credit cards;Documentation;Humans;Programming profession;Software engineering;Software maintenance;Visualization}, 
doi={10.1109/WPC.2002.1021348}, 
ISSN={1092-8138}, 
month={},}

@article{salton1989automatic,
title={Automatic text processing: The transformation, analysis, and retrieval of},
author={Salton, Gerard},
journal={Reading: Addison-Wesley},
year={1989}
}
@inproceedings{frakes1986software,
title={Software reuse through information retrieval},
author={Frakes, William B and Nejmeh, Brian A},
booktitle={ACM SIGIR Forum},
volume={21},
number={1-2},
pages={30--36},
year={1986},
organization={ACM}
}
@inproceedings{lucia2000information,
title={Information retrieval models for recovering traceability links between code and documentation},
author={Lucia, De and others},
booktitle={Software Maintenance, 2000. Proceedings. International Conference on},
pages={40--49},
year={2000},
organization={IEEE}
}
@article{yadla2005tracing,
title={Tracing requirements to defect reports: an application of information retrieval techniques},
author={Yadla, Suresh and Hayes, Jane Huffman and Dekhtyar, Alex},
journal={Innovations in Systems and Software Engineering},
volume={1},
number={2},
pages={116--124},
year={2005},
publisher={Springer}
}
@inproceedings{marcus2004information,
title={An information retrieval approach to concept location in source code},
author={Marcus, Andrian and Sergeyev, Andrey and Rajlich, Vaclav and Maletic, Jonathan I},
booktitle={Reverse Engineering, 2004. Proceedings. 11th Working Conference on},
pages={214--223},
year={2004},
organization={IEEE}
}
@inproceedings{saha2015information,
title={An information retrieval approach for regression test prioritization based on program changes},
author={Saha, Ripon K and Zhang, Lingming and Khurshid, Sarfraz and Perry, Dewayne E},
booktitle={Software Engineering (ICSE), 2015 IEEE/ACM 37th IEEE International Conference on},
volume={1},
pages={268--279},
year={2015},
organization={IEEE}
}
@inproceedings{herzig2013impact,
title={The impact of tangled code changes},
author={Herzig, Kim and Zeller, Andreas},
booktitle={Mining Software Repositories (MSR), 2013 10th IEEE Working Conference on},
pages={121--130},
year={2013},
organization={IEEE}
}
@inproceedings{lee2008news,
title={News keyword extraction for topic tracking},
author={Lee, Sungjick and Kim, Han-joon},
booktitle={Networked Computing and Advanced Information Management, 2008. NCM'08. Fourth International Conference on},
volume={2},
pages={554--559},
year={2008},
organization={IEEE}
}
@inproceedings{emerson1984discriminant,
title={A discriminant metric for module cohesion},
author={Emerson, Thomas J},
booktitle={Proceedings of the 7th international conference on Software engineering},
pages={294--303},
year={1984},
organization={IEEE Press}
}
@inproceedings{Gousios:2014:ESP:2568225.2568260,
author = {Gousios, Georgios and Pinzger, Martin and Deursen, Arie van},
title = {An Exploratory Study of the Pull-based Software Development Model},
booktitle = {Proceedings of the 36th International Conference on Software Engineering},
series = {ICSE 2014},
year = {2014},
isbn = {978-1-4503-2756-5},
location = {Hyderabad, India},
pages = {345--355},
numpages = {11},
url = {http://doi.acm.org/10.1145/2568225.2568260},
doi = {10.1145/2568225.2568260},
acmid = {2568260},
publisher = {ACM},
address = {New York, NY, USA},
keywords = {Pull-based development, distributed software development, empirical software engineering, pull request},
} 


@inproceedings{DSTH:CSCW12,
 author = {Dabbish, Laura and Stuart, Colleen and Tsay, Jason and Herbsleb, Jim},
 title = {Social Coding in {GitHub}: Transparency and Collaboration in an Open Software Repository},
 booktitle = CSCW,
 year = {2012},
 isbn = {978-1-4503-1086-4},
 location = {Seattle, Washington, USA},
 pages = {1277--1286},
 numpages = {10},
 nourl = {http://doi.acm.org/10.1145/2145204.2145396},
 doi = {10.1145/2145204.2145396},
 acmid = {2145396},
 publisher =ACM,
 address = ACMAddr,
 keywords = {awareness, collaboration, coordination, open source software development, social computing, transparency},
}
@article{robillard2007empirical,
title={An empirical study of the concept assignment problem},
author={Robillard, Martin P and Shepherd, David and Hill, Emily and Vijay-Shanker, K and Pollock, Lori},
journal={School of Computer Science, McGill University, Tech. Rep. SOCS-TR-2007.3},
year={2007}
}

@article{eaddy2008crosscutting,
title={Do crosscutting concerns cause defects?},
author={Eaddy, Marc and Zimmermann, Thomas and Sherwood, Kaitlin D and Garg, Vibhav and Murphy, Gail C and Nagappan, Nachiappan and Aho, Alfred V},
journal={IEEE transactions on Software Engineering},
volume={34},
number={4},
pages={497--515},
year={2008},
publisher={IEEE}
}
@inproceedings{hill2009automatically,
title={Automatically capturing source code context of NL-queries for software maintenance and reuse},
author={Hill, Emily and Pollock, Lori and Vijay-Shanker, K},
booktitle={Software Engineering, 2009. ICSE 2009. IEEE 31st International Conference on},
pages={232--242},
year={2009},
organization={IEEE}
}
@inproceedings{revelle2010using,
title={Using data fusion and web mining to support feature location in software},
author={Revelle, Meghan and Dit, Bogdan and Poshyvanyk, Denys},
booktitle={Program Comprehension (ICPC), 2010 IEEE 18th International Conference on},
pages={14--23},
year={2010},
organization={IEEE}
}
@inproceedings{eaddy2008cerberus,
title={Cerberus: Tracing requirements to source code using information retrieval, dynamic analysis, and program analysis},
author={Eaddy, Marc and Aho, Alfred V and Antoniol, Giuliano and Gu{\'e}h{\'e}neuc, Yann-Ga{\"e}l},
booktitle={Program Comprehension, 2008. ICPC 2008. The 16th IEEE International Conference on},
pages={53--62},
year={2008},
organization={Ieee}
}
@inproceedings{vcubranic2003hipikat,
title={Hipikat: Recommending pertinent software development artifacts},
author={{\v{C}}ubrani{\'c}, Davor and Murphy, Gail C},
booktitle={Proceedings of the 25th international Conference on Software Engineering},
pages={408--418},
year={2003},
organization={IEEE Computer Society}
}
@article{cubranic2005hipikat,
title={Hipikat: A project memory for software development},
author={Cubranic, Davor and Murphy, Gail C and Singer, Janice and Booth, Kellogg S},
journal={IEEE Transactions on Software Engineering},
volume={31},
number={6},
pages={446--465},
year={2005},
publisher={IEEE}
}
@inproceedings{yao2001cvssearch,
title={CVSSearch: Searching through source code using CVS comments},
author={Yao, Andrew Y},
booktitle={Proceedings of the IEEE International Conference on Software Maintenance (ICSM'01)},
pages={364},
year={2001},
organization={IEEE Computer Society}
}
@phdthesis{cleary2007assisting,
title={Assisting concept location in software comprehension},
author={Cleary, Bredan and Exton, Chris},
year={2007},
school={University of Limerick}
}
@article{cleary2009empirical,
title={An empirical analysis of information retrieval based concept location techniques in software comprehension},
author={Cleary, Brendan and Exton, Chris and Buckley, Jim and English, Michael},
journal={Empirical Software Engineering},
volume={14},
number={1},
pages={93--130},
year={2009},
publisher={Springer}
}
@inproceedings{hill2007exploring,
title={Exploring the neighborhood with dora to expedite software maintenance},
author={Hill, Emily and Pollock, Lori and Vijay-Shanker, K},
booktitle={Proceedings of the twenty-second IEEE/ACM international conference on Automated software engineering},
pages={14--23},
year={2007},
organization={ACM}
}
@inproceedings{vcubranic2004learning,
title={Learning from project history: a case study for software development},
author={{\v{C}}ubrani{\'C}, Davor and Murphy, Gail C and Singer, Janice and Booth, Kellogg S},
booktitle={Proceedings of the 2004 ACM conference on Computer supported cooperative work},
pages={82--91},
year={2004},
organization={ACM}
}
@article{ernst2002empirical,
title={An empirical analysis of C preprocessor use},
author={Ernst, Michael D. and Badros, Greg J. and Notkin, David},
journal={IEEE Transactions on Software Engineering},
volume={28},
number={12},
pages={1146--1170},
year={2002},
publisher={IEEE}
}
@InProceedings{medeiros_et_al:LIPIcs:2015:5235,
author =	{Fl{\'a}vio Medeiros and Christian K{\"a}stner and M{\'a}rcio Ribeiro and Sarah Nadi and Rohit Gheyi},
title =	{{The Love/Hate Relationship with the C Preprocessor: An Interview Study}},
booktitle =	{29th European Conference on Object-Oriented Programming (ECOOP 2015)},
pages =	{495--518},
series =	{Leibniz International Proceedings in Informatics (LIPIcs)},
ISBN =	{978-3-939897-86-6},
ISSN =	{1868-8969},
year =	{2015},
volume =	{37},
editor =	{John Tang Boyland},
publisher =	{Schloss Dagstuhl--Leibniz-Zentrum fuer Informatik},
address =	{Dagstuhl, Germany},
URL =		{http://drops.dagstuhl.de/opus/volltexte/2015/5235},
URN =		{urn:nbn:de:0030-drops-52350},
doi =		{10.4230/LIPIcs.ECOOP.2015.495},
annote =	{Keywords: C Preprocessor, CPP, Interviews, Surveys, and Grounded Theory}
}
@article{kuhn2007semantic,
title={Semantic clustering: Identifying topics in source code},
author={Kuhn, Adrian and Ducasse, St{\'e}phane and G{\'\i}rba, Tudor},
journal={Information and Software Technology},
volume={49},
number={3},
pages={230--243},
year={2007},
publisher={Elsevier}
}
@inproceedings{zimmermann2008predicting,
title={Predicting defects using network analysis on dependency graphs},
author={Zimmermann, Thomas and Nagappan, Nachiappan},
booktitle={Software Engineering, 2008. ICSE'08. ACM/IEEE 30th International Conference on},
pages={531--540},
year={2008},
organization={IEEE}
}


@inproceedings{dabbish2012social,
title={Social coding in GitHub: transparency and collaboration in an open software repository},
author={Dabbish, Laura and Stuart, Colleen and Tsay, Jason and Herbsleb, Jim},
booktitle={Proceedings of the ACM 2012 conference on Computer Supported Cooperative Work},
pages={1277--1286},
year={2012},
organization={ACM}
}

@article{wilcoxon1945individual,
title={Individual comparisons by ranking methods},
author={Wilcoxon, Frank},
journal={Biometrics bulletin},
volume={1},
number={6},
pages={80--83},
year={1945},
publisher={JSTOR}
}
@inproceedings{collard2013srcml,
title={srcml: An infrastructure for the exploration, analysis, and manipulation of source code: A tool demonstration},
author={Collard, Michael L and Decker, Michael John and Maletic, Jonathan I},
booktitle={Software Maintenance (ICSM), 2013 29th IEEE International Conference on},
pages={516--519},
year={2013},
organization={IEEE}
}
@inproceedings{feigenspan2011featurecommander,
title={FeatureCommander: colorful\# ifdef world},
author={Feigenspan, Janet and Papendieck, Maria and K{\"a}stner, Christian and Frisch, Mathias and Dachselt, Raimund},
booktitle={Proceedings of the 15th International Software Product Line Conference, Volume 2},
pages={48},
year={2011},
organization={ACM}
}
@inproceedings{Antkiewicz:2014:FPL:2591062.2591126,
author = {Antkiewicz, Micha\l and Ji, Wenbin and Berger, Thorsten and Czarnecki, Krzysztof and Schmorleiz, Thomas and L\"{a}mmel, Ralf and St\u{a}nciulescu, \&\#536;tefan and W\k{a}sowski, Andrzej and Schaefer, Ina},
title = {Flexible Product Line Engineering with a Virtual Platform},
booktitle = {Companion Proceedings of the 36th International Conference on Software Engineering},
series = {ICSE Companion 2014},
year = {2014},
isbn = {978-1-4503-2768-8},
location = {Hyderabad, India},
pages = {532--535},
numpages = {4},
url = {http://doi.acm.org/10.1145/2591062.2591126},
doi = {10.1145/2591062.2591126},
acmid = {2591126},
publisher = {ACM},
address = {New York, NY, USA},
keywords = {clone management, features, product line engineering, virtual platform},
} 
@inproceedings{kalliamvakou2014promises,
title={The promises and perils of mining github},
author={Kalliamvakou, Eirini and Gousios, Georgios and Blincoe, Kelly and Singer, Leif and German, Daniel M and Damian, Daniela},
booktitle={Proceedings of the 11th working conference on mining software repositories},
pages={92--101},
year={2014},
organization={ACM}
}
@inproceedings{li16ase,
Address = {Singapore, Singapore},
Author = {Yi Li and Chenguang Zhu and Julia Rubin and Marsha Chechik},
Booktitle = {Proceedings of the 31st International Conference on Automated Software Engineering (ASE)},
Month = {Septermber},
Pages = {495--506},
Title = {Precise Semantic History Slicing through Dynamic Delta Refinement},
Year = {2016}}

@inproceedings{zhu17msr,
Address = {Buenos Aires, Argentina},
Author = {Chenguang Zhu and Yi Li and Julia Rubin and Marsha Chechik},
Booktitle = {Proceedings of the 14th International Conference on Mining Software Repositories (MSR)},
Month = {May},
Title = {A Dataset for Dynamic Discovery of Semantic Changes in Version Controlled Software Histories},
Year = {2017}}

@inproceedings{FHISTORIAN2017,
author = {Yi Li, Chenguang Zhu, Julia Rubin and Marsha Chechik},
title = {FHistorian: Locating Features in Version Histories},
booktitle = SPLC,
year = {2017},
location = {Sevilla, Spain}
}

@article{dabbish2013leveraging,
title={Leveraging transparency},
author={Dabbish, Laura and Stuart, Colleen and Tsay, Jason and Herbsleb, James},
journal={IEEE software},
volume={30},
number={1},
pages={37--43},
year={2013},
publisher={IEEE}
}
@article{eisenbarth2003locating,
title={Locating features in source code},
author={Eisenbarth, Thomas and Koschke, Rainer and Simon, Daniel},
journal={IEEE Transactions on software engineering},
volume={29},
number={3},
pages={210--224},
year={2003},
publisher={IEEE}
}
@article{wilde1995software,
title={Software reconnaissance: Mapping program features to code},
author={Wilde, Norman and Scully, Michael C},
journal={Journal of Software: Evolution and Process},
volume={7},
number={1},
pages={49--62},
year={1995},
publisher={Wiley Online Library}
}
@inproceedings{chen2000case,
title={Case study of feature location using dependence graph},
author={Chen, Kunrong and Rajlich, V{\'a}clav},
booktitle={Program Comprehension, 2000. Proceedings. IWPC 2000. 8th International Workshop on},
pages={241--247},
year={2000},
organization={IEEE}
}
@inproceedings{robillard2005automatic,
title={Automatic generation of suggestions for program investigation},
author={Robillard, Martin P},
booktitle={ACM SIGSOFT Software Engineering Notes},
volume={30},
number={5},
pages={11--20},
year={2005},
organization={ACM}
}
@inproceedings{petrenko2008partial,
title={Partial domain comprehension in software evolution and maintenance},
author={Petrenko, Maksym and Rajlich, V{\'a}clav and Vanciu, Radu},
booktitle={Program Comprehension, 2008. ICPC 2008. The 16th IEEE International Conference on},
pages={13--22},
year={2008},
organization={IEEE}
}
@article{cleary2009empirical,
title={An empirical analysis of information retrieval based concept location techniques in software comprehension},
author={Cleary, Brendan and Exton, Chris and Buckley, Jim and English, Michael},
journal={Empirical Software Engineering},
volume={14},
number={1},
pages={93--130},
year={2009},
publisher={Springer}
}
@inproceedings{gay2009use,
title={On the use of relevance feedback in IR-based concept location},
author={Gay, Gregory and Haiduc, Sonia and Marcus, Andrian and Menzies, Tim},
booktitle={Software Maintenance, 2009. ICSM 2009. IEEE International Conference on},
pages={351--360},
year={2009},
organization={IEEE}
}
@inproceedings{marcus2004information,
title={An information retrieval approach to concept location in source code},
author={Marcus, Andrian and Sergeyev, Andrey and Rajlich, Vaclav and Maletic, Jonathan I},
booktitle={Reverse Engineering, 2004. Proceedings. 11th Working Conference on},
pages={214--223},
year={2004},
organization={IEEE}
}
@inproceedings{hill2009automatically,
title={Automatically capturing source code context of NL-queries for software maintenance and reuse},
author={Hill, Emily and Pollock, Lori and Vijay-Shanker, K},
booktitle={Software Engineering, 2009. ICSE 2009. IEEE 31st International Conference on},
pages={232--242},
year={2009},
organization={IEEE}
}
@inproceedings{shepherd2007using,
title={Using natural language program analysis to locate and understand action-oriented concerns},
author={Shepherd, David and Fry, Zachary P and Hill, Emily and Pollock, Lori and Vijay-Shanker, K},
booktitle={Proceedings of the 6th international conference on Aspect-oriented software development},
pages={212--224},
year={2007},
organization={ACM}
}
@inproceedings{poshyvanyk2007combining,
title={Combining formal concept analysis with information retrieval for concept location in source code},
author={Poshyvanyk, Denys and Marcus, Andrian},
booktitle={Program Comprehension, 2007. ICPC'07. 15th IEEE International Conference on},
pages={37--48},
year={2007},
organization={IEEE}
}
@phdthesis{murphy1996lightweight,
title={Lightweight structural summarization as an aid to software evolution},
author={Murphy, Gail Cecile},
year={1996}
}
@inproceedings{storey2006shared,
title={Shared waypoints and social tagging to support collaboration in software development},
author={Storey, Margaret-Anne and Cheng, Li-Te and Bull, Ian and Rigby, Peter},
booktitle={Proceedings of the 2006 20th anniversary conference on Computer supported cooperative work},
pages={195--198},
year={2006},
organization={ACM}
}

@misc{deargithub175,
title={Dear Github Issue 175: Better overview over forks},year=2016,
url={https://github.com/dear-github/dear-github/issues/175}
}
@misc{deargithub109,
title={Dear Github Issue 109: Tell us concisely what other people changed in their forks},year=2016,
url={https://github.com/dear-github/dear-github/issues/109}
}
@misc{lovelyforks,
title={Lovely Forks Browser Extension: Show notable forks of Github repositories under their names},year=2017,
url={https://github.com/musically-ut/lovely-forks}
}

@article{butler2011improving,
  title={Improving the Tokenisation of Identifier Names},
  author={Butler, Simon and Wermelinger, Michel and Yu, Yijun and Sharp, Helen},
  journal=ECOOP,
  pages={130--154},
  year={2011},
  publisher={Springer}
}

@article{cornelissen2009systematic,
  title={A systematic survey of program comprehension through dynamic analysis},
  author={Cornelissen, Bas and Zaidman, Andy and Van Deursen, Arie and Moonen, Leon and Koschke, Rainer},
  journal={IEEE Transactions on Software Engineering},
  volume={35},
  number={5},
  pages={684--702},
  year={2009},
  publisher={IEEE}
}

@inproceedings{bird2012assessing,
  title={Assessing the value of branches with what-if analysis},
  author={Bird, Christian and Zimmermann, Thomas},
  booktitle={Proceedings of the ACM SIGSOFT 20th International Symposium on the Foundations of Software Engineering},
  pages={45},
  year={2012},
  organization={ACM}
}

@book{saldana2015coding,
title={The coding manual for qualitative researchers},
author={Salda{\~n}a, Johnny},
year={2015},
publisher={Sage}
}

@article{jaaskelainen2010think,
title={Think-aloud protocol},
author={J{\"a}{\"a}skel{\"a}inen, Riitta},
journal={Handbook of translation studies},
volume={1},
pages={371--374},
year={2010},
publisher={John Benjamins Publishing Company Amsterdam, The Netherlands}
}
@inproceedings{gousios2014lean,
title={Lean GHTorrent: GitHub data on demand},
author={Gousios, Georgios and Vasilescu, Bogdan and Serebrenik, Alexander and Zaidman, Andy},
booktitle={Proceedings of the 11th working conference on mining software repositories},
pages={384--387},
year={2014},
organization={ACM}
}
@inproceedings{rubin2013framework,
title={A framework for managing cloned product variants},
author={Rubin, Julia and Chechik, Marsha},
booktitle={Proceedings of the 2013 International Conference on Software Engineering},
pages={1233--1236},
year={2013},
organization={IEEE Press}
}
@inproceedings{Bosch:2009:SPL:1753235.1753251,
author = {Bosch, Jan},
title = {From Software Product Lines to Software Ecosystems},
booktitle = {Proceedings of the 13th International Software Product Line Conference},
series = {SPLC '09},
year = {2009},
location = {San Francisco, California, USA},
pages = {111--119},
numpages = {9},
url = {http://dl.acm.org/citation.cfm?id=1753235.1753251},
acmid = {1753251},
publisher = {Carnegie Mellon University},
address = {Pittsburgh, PA, USA},
}

@inproceedings{ZSLXWK:ICSE18,
	author={Shurui Zhou and {\c{S}}tefan St{\~{a}}nciulescu and Olaf Le{\ss}enich and Yingfei Xiong and Andrzej W{\k{a}}sowski and Christian K{\"a}stner},
	location={Gothenburg},
	year={2018},
	publisher={ACM Press},
	booktitle={Proceedings of the 40th International Conference on Software Engineering (ICSE)},
	address={New York, NY},
	title={Identifying Features in Forks},
	month={5},
}